@article{barretina2012cancer,
  title={The Cancer Cell Line Encyclopedia enables predictive modelling of anticancer drug sensitivity},
  author={Barretina, Jordi and Caponigro, Giordano and Stransky, Nicolas and Venkatesan, Kavitha and Margolin, Adam A and Kim, Sungjoon and Wilson, Christopher J and Leh{\'a}r, Joseph and Kryukov, Gregory V and Sonkin, Dmitriy and others},
  journal={Nature},
  volume={483},
  number={7391},
  pages={603--607},
  year={2012},
  publisher={Nature Publishing Group}
}

@inproceedings{lopez2013randomized,
  title={The Randomized Dependence Coefficient},
  author={Lopez-Paz, D and Hennig, P and Sch{\"o}lkopf, B},
  booktitle={27th Annual Conference on Neural Information Processing Systems},
  year={2013}
}

@article{candes2018panning,
  title={Panning for gold:‘model-X’knockoffs for high dimensional controlled variable selection},
  author={Cand{\`e}s, Emmanuel and Fan, Yingying and Janson, Lucas and Lv, Jinchi},
  journal={Journal of the Royal Statistical Society: Series B (Statistical Methodology)},
  volume={80},
  number={3},
  pages={551--577},
  year={2018},
  publisher={Wiley Online Library}
}

@article{fukumizu2004dimensionality,
  title={Dimensionality reduction for supervised learning with reproducing kernel Hilbert spaces},
  author={Fukumizu, Kenji and Bach, Francis R and Jordan, Michael I},
  journal={Journal of Machine Learning Research},
  volume={5},
  number={Jan},
  pages={73--99},
  year={2004}
}



@inproceedings{BellotS19,
  author    = {Alexis Bellot and
               Mihaela van der Schaar},

  title     = {Conditional Independence Testing using Generative Adversarial Networks},
  booktitle = {Advances in Neural Information Processing Systems 32},
  pages     = {2199--2208},
  year      = {2019},
}

@inproceedings{doran2014permutation,
  title={A Permutation-Based Kernel Conditional Independence Test.},
  author={Doran, Gary and Muandet, Krikamol and Zhang, Kun and Sch{\"o}lkopf, Bernhard},
  booktitle={UAI},
  pages={132--141},
  year={2014},
  organization={Citeseer}
}

@inproceedings{langley00,
 author    = {P. Langley},
 title     = {Crafting Papers on Machine Learning},
 year      = {2000},
 pages     = {1207--1216},
 editor    = {Pat Langley},
 booktitle     = {Proceedings of the 17th International Conference
              on Machine Learning (ICML 2000)},
 address   = {Stanford, CA},
 publisher = {Morgan Kaufmann}
}

@TechReport{mitchell80,
  author = 	 "T. M. Mitchell",
  title = 	 "The Need for Biases in Learning Generalizations",
  institution =  "Computer Science Department, Rutgers University",
  year = 	 "1980",
  address =	 "New Brunswick, MA",
}



@article{fischer2020sobolev,
  title={Sobolev Norm Learning Rates for Regularized Least-Squares Algorithms.},
  author={Fischer, Simon and Steinwart, Ingo},
  journal={J. Mach. Learn. Res.},
  volume={21},
  pages={205--1},
  year={2020}
}


@article{azadkia2019simple,
  title={A simple measure of conditional dependence},
  author={Azadkia, Mona and Chatterjee, Sourav},
  journal={arXiv preprint arXiv:1910.12327},
  year={2019}
}



@article{gretton2012kernel,
  title={A kernel two-sample test},
  author={Gretton, Arthur and Borgwardt, Karsten M and Rasch, Malte J and Sch{\"o}lkopf, Bernhard and Smola, Alexander},
  journal={The Journal of Machine Learning Research},
  volume={13},
  number={1},
  pages={723--773},
  year={2012},
  publisher={JMLR. org}
}

@article{szabo2018characteristic,
  title={Characteristic and universal tensor product kernels},
  author={Szab{\'o}, Zolt{\'a}n and Sriperumbudur, Bharath},
  journal={Journal of Machine Learning Research},
  volume={18},
  pages={233},
  year={2018}
}

@phdthesis{kearns89,
  author = {M. J. Kearns},
  title =  {Computational Complexity of Machine Learning},
  school = {Department of Computer Science, Harvard University},
  year =   {1989}
}

@Book{MachineLearningI,
  editor = 	 "R. S. Michalski and J. G. Carbonell and T.
		  M. Mitchell",
  title = 	 "Machine Learning: An Artificial Intelligence
		  Approach, Vol. I",
  publisher = 	 "Tioga",
  year = 	 "1983",
  address =	 "Palo Alto, CA"
}

@Book{DudaHart2nd,
  author =       "R. O. Duda and P. E. Hart and D. G. Stork",
  title =        "Pattern Classification",
  publisher =    "John Wiley and Sons",
  edition =      "2nd",
  year =         "2000"
}

@misc{anonymous,
  title= {Suppressed for Anonymity},
  author= {Author, N. N.},
  year= {2020}
}

@InCollection{Newell81,
  author =       "A. Newell and P. S. Rosenbloom",
  title =        "Mechanisms of Skill Acquisition and the Law of
                  Practice", 
  booktitle =    "Cognitive Skills and Their Acquisition",
  pages =        "1--51",
  publisher =    "Lawrence Erlbaum Associates, Inc.",
  year =         "1981",
  editor =       "J. R. Anderson",
  chapter =      "1",
  address =      "Hillsdale, NJ"
}


@Article{Samuel59,
  author = 	 "A. L. Samuel",
  title = 	 "Some Studies in Machine Learning Using the Game of
		  Checkers",
  journal =	 "IBM Journal of Research and Development",
  year =	 "1959",
  volume =	 "3",
  number =	 "3",
  pages =	 "211--229"
}


@inproceedings{NEURIPS2019_0e2db0cb,
 author = {Scetbon, Meyer and Varoquaux, Gael},
 booktitle = {Advances in Neural Information Processing Systems},
 pages = {12327--12337},
 title = {Comparing distributions:  $\ell_1$ geometry improves kernel two-sample testing},
 volume = {32},
 year = {2019}
}


@inproceedings{jitkrittum2017adaptive,
  title={An adaptive test of independence with analytic kernel embeddings},
  author={Jitkrittum, Wittawat and Szab{\'o}, Zolt{\'a}n and Gretton, Arthur},
  year={2017},
  organization={JMLR}
}

@inproceedings{fukumizu2008kernel,
  title={Kernel measures of conditional dependence},
  author={Fukumizu, Kenji and Gretton, Arthur and Sun, Xiaohai and Sch{\"o}lkopf, Bernhard},
  booktitle={Advances in neural information processing systems},
  pages={489--496},
  year={2008}
}

@inproceedings{gretton2007kernel,
  title={A kernel statistical test of independence.},
  author={Gretton, Arthur and Fukumizu, Kenji and Teo, Choon Hui and Song, Le and Sch{\"o}lkopf, Bernhard and Smola, Alexander J and others},
  booktitle={Nips},
  volume={20},
  pages={585--592},
  year={2007},
  organization={Citeseer}
}

@article{caponnetto2007optimal,
  title={Optimal rates for the regularized least-squares algorithm},
  author={Caponnetto, Andrea and De Vito, Ernesto},
  journal={Foundations of Computational Mathematics},
  volume={7},
  number={3},
  pages={331--368},
  year={2007},
  publisher={Springer}
}

@inproceedings{rudi2017generalization,
  title={Generalization Properties of Learning with Random Features.},
  author={Rudi, Alessandro and Rosasco, Lorenzo},
  booktitle={NIPS},
  pages={3215--3225},
  year={2017}
}

@article{zhang2012kernel,
  title={Kernel-based conditional independence test and application in causal discovery},
  author={Zhang, Kun and Peters, Jonas and Janzing, Dominik and Sch{\"o}lkopf, Bernhard},
  journal={arXiv preprint arXiv:1202.3775},
  year={2012}
}

@article{richardson1993bayesian,
  title={A Bayesian approach to measurement error problems in epidemiology using conditional independence models},
  author={Richardson, Sylvia and Gilks, Walter R},
  journal={American Journal of Epidemiology},
  volume={138},
  number={6},
  pages={430--442},
  year={1993},
  publisher={Oxford University Press}
}

@article{glymour2019review,
  title={Review of causal discovery methods based on graphical models},
  author={Glymour, Clark and Zhang, Kun and Spirtes, Peter},
  journal={Frontiers in genetics},
  volume={10},
  pages={524},
  year={2019},
  publisher={Frontiers}
}

@article{berrett2020conditional,
  title={The conditional permutation test for independence while controlling for confounders},
  author={Berrett, Thomas B and Wang, Yi and Barber, Rina Foygel and Samworth, Richard J},
  journal={Journal of the Royal Statistical Society: Series B (Statistical Methodology)},
  volume={82},
  number={1},
  pages={175--197},
  year={2020},
  publisher={Wiley Online Library}
}


@article{strobl2019approximate,
  title={Approximate kernel-based conditional independence tests for fast non-parametric causal discovery},
  author={Strobl, Eric V and Zhang, Kun and Visweswaran, Shyam},
  journal={Journal of Causal Inference},
  volume={7},
  number={1},
  year={2019},
  publisher={De Gruyter}
}


@article{daudin1980partial,
  title={Partial association measures and an application to qualitative regression},
  author={Daudin, JJ},
  journal={Biometrika},
  volume={67},
  number={3},
  pages={581--590},
  year={1980},
  publisher={Oxford University Press}
}

@misc{sen2017modelpowered,
      title={Model-Powered Conditional Independence Test}, 
      author={Rajat Sen and Ananda Theertha Suresh and Karthikeyan Shanmugam and Alexandros G. Dimakis and Sanjay Shakkottai},
      year={2017},
      eprint={1709.06138},
      archivePrefix={arXiv},
      primaryClass={stat.ML}
}

@article{shi2021double,
  title={Double generative adversarial networks for conditional independence testing},
  author={Shi, Chengchun and Xu, Tianlin and Bergsma, Wicher and Li, Lexin},
  journal={Journal of Machine Learning Research},
  volume={22},
  number={285},
  pages={1--32},
  year={2021}
}

@article{Sheng2019OnDA,
  title={On Distance and Kernel Measures of Conditional Independence},
  author={Tianhong Sheng and Bharath K. Sriperumbudur},
  journal={arXiv: Statistics Theory},
  year={2019}
}

@inproceedings{Zhang2017FeaturetoFeatureRF,
  title={Feature-to-Feature Regression for a Two-Step Conditional Independence Test},
  author={Qinyi Zhang and Sarah Filippi and Seth Flaxman and D. Sejdinovic},
  booktitle={UAI},
  year={2017}
  
}

@article{huang2020kernel,
  title={Kernel Partial Correlation Coefficient--a Measure of Conditional Dependence},
  author={Huang, Zhen and Deb, Nabarun and Sen, Bodhisattva},
  journal={arXiv preprint arXiv:2012.14804},
  year={2020}
}

@inproceedings{NEURIPS2020_f340f1b1,
 author = {Park, Junhyung and Muandet, Krikamol},
 booktitle = {Advances in Neural Information Processing Systems},
 title = {A Measure-Theoretic Approach to Kernel Conditional Mean Embeddings},
 year = {2020}
}



@book{li2018sufficient,
  title={Sufficient dimension reduction: Methods and applications with R},
  author={Li, Bing},
  year={2018},
  publisher={CRC Press}
}

@book{bergsma2004testing,
  title={Testing conditional independence for continuous random variables},
  author={Bergsma, Wicher Pieter},
  year={2004},
  publisher={Citeseer}
}

@book{lauritzen1996graphical,
  title={Graphical models},
  author={Lauritzen, Steffen L},
  volume={17},
  year={1996},
  publisher={Clarendon Press}
}

@book{koller2009probabilistic,
  title={Probabilistic graphical models: principles and techniques},
  author={Koller, Daphne and Friedman, Nir},
  year={2009},
  publisher={MIT press}
}

@article{pearl2009causal,
  title={Causal inference in statistics: An overview},
  author={Pearl, Judea},
  journal={Statistics surveys},
  volume={3},
  pages={96--146},
  year={2009},
  publisher={Amer. Statist. Assoc., the Bernoulli Soc., the Inst. Math. Statist., and the~…}
}

@article{dobra2004sparse,
  title={Sparse graphical models for exploring gene expression data},
  author={Dobra, Adrian and Hans, Chris and Jones, Beatrix and Nevins, Joseph R and Yao, Guang and West, Mike},
  journal={Journal of Multivariate Analysis},
  volume={90},
  number={1},
  pages={196--212},
  year={2004},
  publisher={Elsevier}
}

@article{markowetz2007inferring,
  title={Inferring cellular networks--a review},
  author={Markowetz, Florian and Spang, Rainer},
  journal={BMC bioinformatics},
  volume={8},
  number={6},
  pages={1--17},
  year={2007},
  publisher={BioMed Central}
}

@article{sen2018mimic,
  title={Mimic and classify: A meta-algorithm for conditional independence testing},
  author={Sen, Rajat and Shanmugam, Karthikeyan and Asnani, Himanshu and Rahimzamani, Arman and Kannan, Sreeram},
  journal={arXiv preprint arXiv:1806.09708},
  year={2018}
}

@article{tansey2018holdout,
  title={The Holdout Randomization Test for Feature Selection in Black Box Models},
  author={Tansey, Wesley and Veitch, Victor and Zhang, Haoran and Rabadan, Raul and Blei, David M},
  journal={Journal of Computational and Graphical Statistics},
  number={just-accepted},
  pages={1--37},
  year={2021},
  publisher={Taylor \& Francis}
}



@article{chalupka2018fast,
  title={Fast conditional independence test for vector variables with large sample sizes},
  author={Chalupka, Krzysztof and Perona, Pietro and Eberhardt, Frederick},
  journal={arXiv preprint arXiv:1804.02747},
  year={2018}
}



@article{gcm2020,
   title={The hardness of conditional independence testing and the generalised covariance measure},
   volume={48},
   journal={The Annals of Statistics},
   publisher={Institute of Mathematical Statistics},
   author={Shah, Rajen D. and Peters, Jonas},
   year={2020},
   month={Jun}
}

@article{li2020nonparametric,
  title={On nonparametric conditional independence tests for continuous variables},
  author={Li, Chun and Fan, Xiaodan},
  journal={Wiley Interdisciplinary Reviews: Computational Statistics},
  volume={12},
  number={3},
  pages={e1489},
  year={2020},
  publisher={Wiley Online Library}
}

@inproceedings{coppersmith1987matrix,
  title={Matrix multiplication via arithmetic progressions},
  author={Coppersmith, Don and Winograd, Shmuel},
  booktitle={Proceedings of the nineteenth annual ACM symposium on Theory of computing},
  pages={1--6},
  year={1987}
}

@article{chwialkowski2015fast,
  title={Fast two-sample testing with analytic representations of probability measures},
  author={Chwialkowski, Kacper P and Ramdas, Aaditya and Sejdinovic, Dino and Gretton, Arthur},
  journal={Advances in Neural Information Processing Systems},
  volume={28},
  pages={1981--1989},
  year={2015}
}


@inproceedings{runge2018conditional,
  title={Conditional independence testing based on a nearest-neighbor estimator of conditional mutual information},
  author={Runge, Jakob},
  booktitle={International Conference on Artificial Intelligence and Statistics},
  pages={938--947},
  year={2018},
  organization={PMLR}
}

@article{azadkia2021simple,
  title={A simple measure of conditional dependence},
  author={Azadkia, Mona and Chatterjee, Sourav},
  journal={The Annals of Statistics},
  volume={49},
  number={6},
  pages={3070--3102},
  year={2021},
  publisher={Institute of Mathematical Statistics}
}

@article{mittag2018nonparametric,
  title={A Nonparametric k-Sample Test of Conditional Independence},
  author={Mittag, Nikolas},
  year={2018}
}

@article{warren2021wasserstein,
  title={Wasserstein Conditional Independence Testing},
  author={Warren, Andrew},
  journal={arXiv preprint arXiv:2107.14184},
  year={2021}
}

@article{shi2021azadkia,
  title={On Azadkia-Chatterjee's conditional dependence coefficient},
  author={Shi, Hongjian and Drton, Mathias and Han, Fang},
  journal={arXiv preprint arXiv:2108.06827},
  year={2021}
}

@article{javanmard2021pearson,
  title={Pearson Chi-squared Conditional Randomization Test},
  author={Javanmard, Adel and Mehrabi, Mohammad},
  journal={arXiv preprint arXiv:2111.00027},
  year={2021}
}

@article{neykov2021minimax,
  title={Minimax optimal conditional independence testing},
  author={Neykov, Matey and Balakrishnan, Sivaraman and Wasserman, Larry},
  journal={The Annals of Statistics},
  volume={49},
  number={4},
  pages={2151--2177},
  year={2021},
  publisher={Institute of Mathematical Statistics}
}

